@book{dunford1988linear,
  title={Linear Operators, Part 1: General Theory},
  author={Dunford, N. and Schwartz, J.T.},
  isbn={9780471608486},
  lccn={88116254},
  series={Wiley Classics Library},
  url={https://books.google.com.co/books?id=FQAAEAAAQBAJ},
  year={1988},
  publisher={Wiley}
}

@book{taylor1986introduction,
  title={Introduction to Functional Analysis},
  author={Taylor, A.E. and Lay, D.C.},
  isbn={9780898749519},
  lccn={86007492},
  url={https://books.google.com.co/books?id=_LENHUbZOP0C},
  year={1986},
  publisher={Krieger}
}

@misc{winklmeier2013functional,
  author       = {M. Winklmeier},
  title        = {Functional Analysis: Lecture Notes},
  year         = {2013},
  url          = {https://math.uniandes.edu.co/~mwinklme/teaching/FuncAna/FA-lecture_notes.pdf},
  note         = {Accessed: 2024-12-02}
}

@book{taylor2012general,
  title={General Theory of Functions and Integration},
  author={Taylor, A.E.},
  isbn={9780486152141},
  series={Dover Books on Mathematics Series},
  url={https://books.google.com.co/books?id=cM5oR8orpcAC},
  year={2012},
  publisher={Dover Publications, Incorporated}
}

@book{hyt√∂nen2016analysis,
  title={Analysis in Banach Spaces: Volume I: Martingales and Littlewood-Paley Theory},
  author={Hyt{\"o}nen, T. and van Neerven, J. and Veraar, M. and Weis, L.},
  isbn={9783319485201},
  lccn={2017957666},
  series={Ergebnisse der Mathematik und ihrer Grenzgebiete. 3. Folge / A Series of Modern Surveys in Mathematics},
  url={https://books.google.com.co/books?id=GyecDQAAQBAJ},
  year={2016},
  publisher={Springer International Publishing}
}